@online{simongame,
    author = {{Shritwod}},
    title = {Electronic Simon game, circa 1978},
    year = {2018},
    url = {en.wikipedia.org/wiki/Simon_(game)#/media/File:Simon_Electronic_Game.jpg},
    urldate = {2025-01-16}
}

@misc{acclaimed_videogames_parappa,
  title = {PaRappa the Rapper},
  author = {{Acclaimed Video Games}},
  year = {2025},
  url = {acclaimedvideogames.com/game/parappa-the-rapper/},
  urldate = {2025-01-18}
}

@online{parappatherapper,
    author = {{Sylwia Zimowska}},
    title = {PaRappa the Rapper Remastered -- recenzja},
    year = {2017},
    url = {damagier.pl/gry-wideo/parappa-the-rapper-remastered-recenzja/},
    urldate = {2025-01-16}
}

@online{beatmaniacontrols,
    author = {{Chardish}},
    title = {Beatmania controls},
    year = {2005},
    url = {commons.wikimedia.org/wiki/File:Beatmania_controls.jpg},
    urldate = {2025-01-16}
}

@online{ddrplatform,
    author = {{AeronPrometheus}},
    title = {The left dance platform of a Dance Dance Revolution Extreme arcade machine.},
    year = {2008},
    url = {commons.wikimedia.org/wiki/File:Dance_Dance_Revolution_Extreme_arcade_machine_left_side_stage.png},
    urldate = {2025-01-16}
}

@online{ddrgameplay,
    author = {{IGDB's authors}},
    title = {Game screenshot of Dance Dance Revolution},
    url = {igdb.com/games/dance-dance-revolution},
    urldate = {2025-01-16}
}

@online{gh2bundle,
    author = {{Multitronic}},
    title = {Guitar Hero Metallica Bundle (PS2)},
    url = {multitronic.fi/en/products/447968?srsltid=AfmBOoo5Vf2X5Lj5d7st5FZIjyh7ANspdeNywdf5HXkjbwLvRRBXkOaO},
    urldate = {2025-01-16}
}

@book{heavymetal,
  author = {Louis-Martin Guay, Dominic Arsenault},
  book = {Heavy Metal Generations},
  title = {Thumb-Bangers: Exploring the Cultural Bond between Video
Games and Heavy Metal},
  year = {2012}
}

@online{ddrsoftpad,
    author = {{videoplaypl}},
    title = {MATA TANECZNA 2in1 TV i PC GRA},
    url = {arena.pl/oferta/mata-taneczna-2in1-tv-i-pc-gra-38982435},
    urldate = {2025-01-16}
}

@online{sm5multi,
    author = {{Chris Danford, the StepMania development team, Spinal Shark Collective, et al.}},
    title = {Stepmania 5 Preview 4 playing Rave mode.},
    year = {2011},
    url = {commons.wikimedia.org/wiki/File:StepMania_5_Rave_Mode.jpg},
    urldate = {2025-01-16}
}

@online{osuleaderboards,
    author = {{peppy}},
    title = {osu! global leaderboards},
    year = {2025},
    url = {osu.ppy.sh/rankings/osu/performance},
    urldate = {2025-01-16}
}

@online{waccaarcade,
    author = {{Crafty The Fox}},
    title = {Wacca},
    year = {2022},
    url = {zenius-i-vanisher.com/v5.2/viewpicture.php?pictureid=57107},
    urldate = {2025-01-16}
}

@mastersthesis{chen2006flow,
  author       = {Jenova Chen},
  title        = {Flow in Games},
  school       = {University of Southern California},
  year         = {2006},
  url          = {http://jenovachen.com/flowingames/Flow_in_games_final.pdf},
  note         = {Accessed: January 18, 2025},
  pages        = {7}
}

@mastersthesis{faresplayingmusic,
    author = {{Fares Kayali}},
    title = {Playing music : design, theory, and practice of music-based games},
    year = {2008},
    school = {Vienna University of Technology}
}

@online{beatsaber,
    author = {{PowerPyx}},
    title = {Beat Saber PSVR Review –- The Best Thing since Sliced Bread},
    year = {2018},
    url = {https://www.powerpyx.com/beat-saber-psvr-review-the-best-thing-since-sliced-bread/},
    urldate = {2025-01-18}
}

@online{sdvxcontroller,
    author = {{Sanjo}},
    title = {Control panel -- Sound Voltex, Wikipedia},
    year = {2012},
    url = {https://en.wikipedia.org/wiki/Sound_Voltex#/media/File:SOUND_VOLTEX_Controls.JPG},
    urldate = {2025-01-18}
}

@online{sdvx,
    author = {{G/O Media}},
    title = {Sound Voltex: Exceed Gear Screenshots and Videos - Kotaku},
    year = {2021},
    url = {https://kotaku.com/games/sound-voltex-exceed-gear/gallery/slides/2},
    urldate = {2025-01-18}
}

@book{csikszentmihalyi1990flow,
  author       = {Mihaly Csikszentmihalyi},
  title        = {Flow: The classic work on how to achieve happiness},
  year         = {1990},
  publisher    = {Ebury Publishing},
  isbn         = {9781448177707}
}

@misc{MAZE,
  author = {Michael Liebe, Thorsten Wiedemann},
  title = {A MAZE. Interact …celebrating the convergence of games, art, and music. Berlin: A MAZE},
  year = {2010}
}
book{autor2023ksiazka,
@book{MusicMedien
,
    author = {Melanie Fritsch, Peter Moormann},
    title = {Music and Game Perspectives on a Popular Alliance},
    year = {2013},
    publisher = {Springer VS Wiesbaden},
    isbn = {978-3-531-18913-0}
}

@book{casualrevolution,
    author = {Jesper Juul},
    title = {A Casual Revolution: Reinventing Video Games and Their Players},
    year = {2009},
    publisher = {The MIT Press},
    isbn = {978-0-262-01337-6}
}
@book{arcadeculture,
    author = {Alexander Chan},
    title = {CPR for the Arcade Culture},
    year = {2004},
}
incollection{kowalski2021rozdzial,
    author = {Kowalski, Jan},
    title = {Tytuł rozdziału},
    booktitle = {Tytuł książki},
    editor = {Nowak, Anna},
    publisher = {Wydawnictwo Naukowe},
    year = {2021},
    pages = {45--67}
}

thesis{nowak2023praca,
    author = {Nowak, Maria},
    title = {Tytuł pracy magisterskiej},
    type = {Praca magisterska},
    school = {Uniwersytet Example},
    year = {2023}
}